@Manual{R-base,
  title = {R: A Language and Environment for Statistical Computing},
  author = {{R Core Team}},
  organization = {R Foundation for Statistical Computing},
  address = {Vienna, Austria},
  year = {2019},
  url = {https://www.R-project.org/},
}
@Manual{R-papaja,
  author = {Frederik Aust and Marius Barth},
  title = {{papaja}: {Create} {APA} manuscripts with {R Markdown}},
  year = {2018},
  note = {R package version 0.1.0.9842},
  url = {https://github.com/crsh/papaja},
}
@Manual{R-bib2df,
  title = {bib2df: Parse a BibTeX File to a Data Frame},
  author = {Philipp Ottolinger},
  year = {2019},
  note = {R package version 1.1.1},
  url = {https://CRAN.R-project.org/package=bib2df},
}
@Article{R-bibliometrix,
  author = {Massimo Aria and Corrado Cuccurullo},
  title = {bibliometrix: An R-tool for comprehensive science mapping analysis},
  journal = {Journal of Informetrics},
  volume = {11},
  number = {4},
  pages = {959-975},
  publisher = {Elsevier},
  year = {2017},
  url = {https://doi.org/10.1016/j.joi.2017.08.007},
}
@Article{R-revtools,
  title = {revtools: An R package to support article screening for evidence synthesis},
  author = {Martin J. Westgate},
  year = {2019},
  journal = {Research Synthesis Methods},
  doi = {10.1002/jrsm.1374},
}
@Article{R-topicmodels,
  title = {{topicmodels}: An {R} Package for Fitting Topic Models},
  author = {Bettina Gr\"un and Kurt Hornik},
  journal = {Journal of Statistical Software},
  year = {2011},
  volume = {40},
  number = {13},
  pages = {1--30},
  doi = {10.18637/jss.v040.i13},
}
@Book{R-ggplot2,
  author = {Hadley Wickham},
  title = {ggplot2: Elegant Graphics for Data Analysis},
  publisher = {Springer-Verlag New York},
  year = {2016},
  isbn = {978-3-319-24277-4},
  url = {https://ggplot2.tidyverse.org},
}
@Article{R-lavaan,
  title = {{lavaan}: An {R} Package for Structural Equation Modeling},
  author = {Yves Rosseel},
  journal = {Journal of Statistical Software},
  year = {2012},
  volume = {48},
  number = {2},
  pages = {1--36},
  url = {http://www.jstatsoft.org/v48/i02/},
}
@Article{R-MplusAutomation,
  title = {{MplusAutomation}: An {R} Package for Facilitating Large-Scale Latent Variable Analyses in {Mplus}},
  author = {Michael N. Hallquist and Joshua F. Wiley},
  journal = {Structural Equation Modeling},
  year = {2018},
  pages = {1--18},
  doi = {10.1080/10705511.2017.1402334},
  url = {http://www.tandfonline.com/doi/full/10.1080/10705511.2017.1402334},
}
@Manual{R-tidySEM,
  title = {tidySEM: Tidy Structural Equation Modeling},
  author = {Caspar J. {van Lissa}},
  year = {2020},
  note = {R package version 0.1.1},
  url = {https://cjvanlissa.github.io/tidySEM},
}
@Manual{R-gdtools,
  title = {gdtools: Utilities for Graphical Rendering},
  author = {David Gohel and Hadley Wickham and Lionel Henry and Jeroen Ooms},
  year = {2020},
  note = {R package version 0.2.2},
  url = {https://CRAN.R-project.org/package=gdtools},
}
